
<record>
  <controlfield tag="001">395643</controlfield>
  <datafield tag="024" ind1="7" ind2=" ">
    <subfield code="a">10.1016/0550-3213(95)00348-V</subfield>
    <subfield code="2">DOI</subfield>
  </datafield>
  <datafield tag="035" ind1=" " ind2=" ">
    <subfield code="a">oai:arXiv.org:hep-ex/9505014</subfield>
    <subfield code="z">oai:arXiv.org:hep-ex/9505014</subfield>
    <subfield code="9">arXiv</subfield>
  </datafield>
  <datafield tag="035" ind1=" " ind2=" ">
    <subfield code="z">D95-12228</subfield>
    <subfield code="9">DESY</subfield>
  </datafield>
  <datafield tag="035" ind1=" " ind2=" ">
    <subfield code="z">D95-17922</subfield>
    <subfield code="9">DESY</subfield>
  </datafield>
  <datafield tag="035" ind1=" " ind2=" ">
    <subfield code="a">Aid:1995gu</subfield>
    <subfield code="9">SPIRESTeX</subfield>
  </datafield>
  <datafield tag="035" ind1=" " ind2=" ">
    <subfield code="a">1995NuPhB.449....3A</subfield>
    <subfield code="9">ADS</subfield>
  </datafield>
  <datafield tag="035" ind1=" " ind2=" ">
    <subfield code="a">ins395643</subfield>
    <subfield code="9">HEPDATA</subfield>
  </datafield>
  <datafield tag="035" ind1=" " ind2=" ">
    <subfield code="a">in2p3-00015860</subfield>
    <subfield code="9">HAL</subfield>
  </datafield>
  <datafield tag="037" ind1=" " ind2=" ">
    <subfield code="a">hep-ex/9505014</subfield>
    <subfield code="9">arXiv</subfield>
    <subfield code="c">hep-ex</subfield>
  </datafield>
  <datafield tag="037" ind1=" " ind2=" ">
    <subfield code="a">DESY-95-086</subfield>
  </datafield>
  <datafield tag="245" ind1=" " ind2=" ">
    <subfield code="a">A Direct determination of the gluon density in the proton at low x</subfield>
  </datafield>
  <datafield tag="710" ind1=" " ind2=" ">
    <subfield code="g">H1</subfield>
  </datafield>
</record>